<?xml version="1.0" encoding="UTF-8"?><collection xmlns="http://www.loc.gov/MARC21/slim"><record><leader>00346nam--2200133-i-4500</leader><controlfield tag="001">000033890</controlfield><controlfield tag="002">20161230</controlfield><controlfield tag="005">20161230201039</controlfield><controlfield tag="008">060222s1000------------r-----000-0-eng-d</controlfield><datafield ind1=" " ind2=" " tag="080"><subfield code="a">539.4</subfield></datafield><datafield ind1=" " ind2=" " tag="100"><subfield code="a">Morley, Arthur</subfield></datafield><datafield ind1=" " ind2=" " tag="245"><subfield code="a">Theory of structures. fifth edition</subfield></datafield><datafield ind1=" " ind2=" " tag="260"><subfield code="a">London, Longmans, Green And Co., 1948, Xi + 617p. + 4pl</subfield></datafield><datafield ind1=" " ind2=" " tag="852"><subfield code="a">710</subfield></datafield></record></collection>